@article{devore2008probability,
  title={Probability and statistics},
  author={Devore, Jay L},
  journal={Thomson Learning, Probability handbook},
  pages={47;63-64;87;100},
  year={2008},
 edition = {7},
}


@book{rice2006mathematical,
  title={Mathematical statistics and data analysis},
  author={Rice, John A},
  year={2007},
  publisher={Nelson Education},
  edition ={Third edition (International edition)}
}
